@online{ShantoLatex,
    title        = {How to add subfigure in Latex: Step-by-Step Tutorial with Examples},
    author       = {Shanto Roy},
    year         = {2018},
    url          = {https://shantoroy.com/latex/how-to-add-subfig-in-latex/},
    urldate      = {2024-04-08}
}

@online{MartinRotate,
    title        = {Rotate picture with caption},
    author       = {Martin Scharrer},
    year         = {2012},
    url          = {https://tex.stackexchange.com/questions/44427/rotate-picture-with-caption/57531#57531},
    urldate      = {2024-04-08}
}

@article{zawacki2018research,
  title={What research says about MOOCs--An explorative content analysis},
  author={Zawacki-Richter, Olaf and Bozkurt, Aras and Alturki, Uthman and Aldraiweesh, Ahmed},
  journal={The International Review of Research in Open and Distributed Learning},
  volume={19},
  number={1},
  year={2018}
}

@article{liu2020participants,
  title={What do participants think of todayâ€™s MOOCs: an updated look at the benefits and challenges of MOOCs designed for working professionals},
  author={Liu, Min and Zou, Wenting and Shi, Yi and Pan, Zilong and Li, Chenglu},
  journal={Journal of Computing in Higher Education},
  volume={32},
  pages={307--329},
  year={2020},
  publisher={Springer}
}

@article{zhu2020comprehensive,
  title={A comprehensive systematic review of MOOC research: Research techniques, topics, and trends from 2009 to 2019},
  author={Zhu, Meina and Sari, Annisa R and Lee, Mimi Miyoung},
  journal={Educational Technology Research and Development},
  volume={68},
  pages={1685--1710},
  year={2020},
  publisher={Springer}
}

@article{despujol2022we,
  title={What do we want to know about MOOCs? Results from a machine learning approach to a systematic literature mapping review},
  author={Despujol, Ignacio and Casta{\~n}eda, Linda and Mar{\'\i}n, Victoria I and Turr{\'o}, Carlos},
  journal={International Journal of Educational Technology in Higher Education},
  volume={19},
  number={1},
  pages={53},
  year={2022},
  publisher={Springer}
}

@inproceedings{b5,
  title={MOOCs Recommender System using Ontology and Memory-based Collaborative Filtering.},
  author={Rabahallah, Kahina and Mahdaoui, Latifa and Azouaou, Fai{\c{c}}al},
  booktitle={ICEIS (1)},
  pages={635--641},
  year={2018}
}

@article{b6,
  title={Modeling dynamic user preference via dictionary learning for sequential recommendation},
  author={Chen, Chao and Li, Dongsheng and Yan, Junchi and Yang, Xiaokang},
  journal={IEEE Transactions on Knowledge and Data Engineering},
  volume={34},
  number={11},
  pages={5446--5458},
  year={2021},
  publisher={IEEE}
}
@article{b7,
  title={Learning Complex Users' Preferences for Recommender Systems},
  author={Yakhchi, Shahpar},
  journal={arXiv preprint arXiv:2107.01529},
  year={2021}
}
@inproceedings{b8,
  title={MRMLREC: A Two-Stage Approach for Addressing Data Sparsity in MOOC Video Recommendation (Student Abstract)},
  author={Zhang, Ye and Gao, Yanqi and Zhou, Yupeng and Wang, Jianan and Yin, Minghao},
  booktitle={Proceedings of the AAAI Conference on Artificial Intelligence},
  volume={38},
  number={21},
  pages={23709--23711},
  year={2024}
}
@article{b9,
  title={Revisiting negative sampling vs. non-sampling in implicit recommendation},
  author={Chen, Chong and Ma, Weizhi and Zhang, Min and Wang, Chenyang and Liu, Yiqun and Ma, Shaoping},
  journal={ACM Transactions on Information Systems},
  volume={41},
  number={1},
  pages={1--25},
  year={2023},
  publisher={ACM New York, NY}
}
@article{b10,
  title={Reinforced moocs concept recommendation in heterogeneous information networks},
  author={Gong, Jibing and Wan, Yao and Liu, Ye and Li, Xuewen and Zhao, Yi and Wang, Cheng and Lin, Yuting and Fang, Xiaohan and Feng, Wenzheng and Zhang, Jingyi and others},
  journal={ACM Transactions on the Web},
  volume={17},
  number={3},
  pages={1--27},
  year={2023},
  publisher={ACM New York, NY}
}
@article{b11,
  title={A systematic review and research perspective on recommender systems},
  author={Roy, Deepjyoti and Dutta, Mala},
  journal={Journal of Big Data},
  volume={9},
  number={1},
  pages={59},
  year={2022},
  publisher={Springer}
}
@article{b12,
  title={Recommender Systems: A Primer},
  author={Castells, Pablo and Jannach, Dietmar},
  journal={arXiv preprint arXiv:2302.02579},
  year={2023}
}
@inproceedings{bert,
  title={BERT4Rec: Sequential recommendation with bidirectional encoder representations from transformer},
  author={Sun, Fei and Liu, Jun and Wu, Jian and Pei, Changhua and Lin, Xiao and Ou, Wenwu and Jiang, Peng},
  booktitle={Proceedings of the 28th ACM international conference on information and knowledge management},
  pages={1441--1450},
  year={2019}
}

@inproceedings{sasrec,
  title={Self-attentive sequential recommendation},
  author={Kang, Wang-Cheng and McAuley, Julian},
  booktitle={2018 IEEE international conference on data mining (ICDM)},
  pages={197--206},
  year={2018},
  organization={IEEE}
}
@article{neg_1,
  title={Does Negative Sampling Matter? A Review with Insights into its Theory and Applications},
  author={Yang, Zhen and Ding, Ming and Huang, Tinglin and Cen, Yukuo and Song, Junshuai and Xu, Bin and Dong, Yuxiao and Tang, Jie},
  journal={IEEE Transactions on Pattern Analysis and Machine Intelligence},
  year={2024},
  publisher={IEEE}
}
@inproceedings{neg_2,
  title={Negative sampling in semi-supervised learning},
  author={Chen, John and Shah, Vatsal and Kyrillidis, Anastasios},
  booktitle={International Conference on Machine Learning},
  pages={1704--1714},
  year={2020},
  organization={PMLR}
}
@article{hin_1,
  title={A survey of heterogeneous information network analysis},
  author={Shi, Chuan and Li, Yitong and Zhang, Jiawei and Sun, Yizhou and Philip, S Yu},
  journal={IEEE Transactions on Knowledge and Data Engineering},
  volume={29},
  number={1},
  pages={17--37},
  year={2016},
  publisher={IEEE}
}

@article{hin_2,
  title={Federated Heterogeneous Graph Neural Network for Privacy-preserving Recommendation},
  author={Yan, Bo and Cao, Yang and Wang, Haoyu and Yang, Wenchuan and Du, Junping and Shi, Chuan},
  journal={arXiv preprint arXiv:2310.11730},
  year={2023}
}

@article{hin_3,
  title={Dependency Relationships-Enhanced Attentive Group Recommendation in HINs},
  author={Zhang, Juntao and Wang, Sheng and Chen, Zhiyu and Yang, Xiandi and Peng, Zhiyong},
  journal={arXiv preprint arXiv:2311.11239},
  year={2023}
}

@article{hin_4,
  title={Interpretable and efficient heterogeneous graph convolutional network},
  author={Yang, Yaming and Guan, Ziyu and Li, Jianxin and Zhao, Wei and Cui, Jiangtao and Wang, Quan},
  journal={IEEE Transactions on Knowledge and Data Engineering},
  volume={35},
  number={2},
  pages={1637--1650},
  year={2021},
  publisher={IEEE}
}

@article{hin_5,
  title={Heterogeneous information network embedding for recommendation},
  author={Shi, Chuan and Hu, Binbin and Zhao, Wayne Xin and Philip, S Yu},
  journal={IEEE transactions on knowledge and data engineering},
  volume={31},
  number={2},
  pages={357--370},
  year={2018},
  publisher={IEEE}
}

@article{h6,
  title={Mining heterogeneous information networks: a structural analysis approach},
  author={Sun, Yizhou and Han, Jiawei},
  journal={ACM SIGKDD explorations newsletter},
  volume={14},
  number={2},
  pages={20--28},
  year={2013},
  publisher={ACM New York, NY, USA}
}

@inproceedings{h7,
  title={Ranking-based clustering of heterogeneous information networks with star network schema},
  author={Sun, Yizhou and Yu, Yintao and Han, Jiawei},
  booktitle={Proceedings of the 15th ACM SIGKDD international conference on Knowledge discovery and data mining},
  pages={797--806},
  year={2009}
}
@article{h8,
  title={Pathsim: Meta path-based top-k similarity search in heterogeneous information networks},
  author={Sun, Yizhou and Han, Jiawei and Yan, Xifeng and Yu, Philip S and Wu, Tianyi},
  journal={Proceedings of the VLDB Endowment},
  volume={4},
  number={11},
  pages={992--1003},
  year={2011},
  publisher={VLDB Endowment}
}
@article{word2vec,
  title={Efficient estimation of word representations in vector space},
  author={Mikolov, Tomas and Chen, Kai and Corrado, Greg and Dean, Jeffrey},
  journal={arXiv preprint arXiv:1301.3781},
  year={2013}
}

@article{bpr,
  title={BPR: Bayesian personalized ranking from implicit feedback},
  author={Rendle, Steffen and Freudenthaler, Christoph and Gantner, Zeno and Schmidt-Thieme, Lars},
  journal={arXiv preprint arXiv:1205.2618},
  year={2012}
}

@inproceedings{ncf,
  title={Neural collaborative filtering},
  author={He, Xiangnan and Liao, Lizi and Zhang, Hanwang and Nie, Liqiang and Hu, Xia and Chua, Tat-Seng},
  booktitle={Proceedings of the 26th international conference on world wide web},
  pages={173--182},
  year={2017}
}

@inproceedings{cf1,
  title={Guess you like: course recommendation in MOOCs},
  author={Jing, Xia and Tang, Jie},
  booktitle={Proceedings of the international conference on web intelligence},
  pages={783--789},
  year={2017}
}
@article{cf2,
  title={Collaborative filtering recommendation algorithm for MOOC resources based on deep learning},
  author={Wu, Lili},
  journal={Complexity},
  volume={2021},
  number={1},
  pages={5555226},
  year={2021},
  publisher={Wiley Online Library}
}
@inproceedings{cf3,
  title={Attentional graph convolutional networks for knowledge concept recommendation in moocs in a heterogeneous view},
  author={Gong, Jibing and Wang, Shen and Wang, Jinlong and Feng, Wenzheng and Peng, Hao and Tang, Jie and Yu, Philip S},
  booktitle={Proceedings of the 43rd international ACM SIGIR conference on research and development in information retrieval},
  pages={79--88},
  year={2020}
}
@inproceedings{cbf1,
  title={Design and evaluation of a course recommender system using content-based approach},
  author={Neamah, Ammar A and El-Ameer, Amer S},
  booktitle={2018 International Conference on Advanced Science and Engineering (ICOASE)},
  pages={1--6},
  year={2018},
  organization={IEEE}
}
@inproceedings{cbf2,
  title={Research on content-based MOOC recommender model},
  author={Huang, Ran and Lu, Ran},
  booktitle={2018 5Th International conference on systems and informatics (ICSAI)},
  pages={676--681},
  year={2018},
  organization={IEEE}
}

@article{mooc1,
  title={MOOCs and open education: Implications for higher education},
  author={Yuan, Li and Powell, SJ},
  year={2013},
  publisher={Cetis}
}
@article{mooc2,
  title={MOOCâ€™s impact on higher education},
  author={Alhazzani, Noura},
  journal={Social sciences \& humanities open},
  volume={2},
  number={1},
  pages={100030},
  year={2020},
  publisher={Elsevier}
}

@article{transformer,
  title={Attention is all you need},
  author={Vaswani, Ashish and Shazeer, Noam and Parmar, Niki and Uszkoreit, Jakob and Jones, Llion and Gomez, Aidan N and Kaiser, {\L}ukasz and Polosukhin, Illia},
  journal={Advances in neural information processing systems},
  volume={30},
  year={2017}
}
@inproceedings{lightgcn,
  title={Lightgcn: Simplifying and powering graph convolution network for recommendation},
  author={He, Xiangnan and Deng, Kuan and Wang, Xiang and Li, Yan and Zhang, Yongdong and Wang, Meng},
  booktitle={Proceedings of the 43rd International ACM SIGIR conference on research and development in Information Retrieval},
  pages={639--648},
  year={2020}
}

@article{hgnn,
  title={OpenHGNN: An Open Source Toolkit for Heterogeneous Graph Neural Network},
  author={Hui Han, Tianyu Zhao, Cheng Yang, Hongyi Zhang, Yaoqi Liu, Xiao Wang, Chuan Shi},
  booktitle={CIKM},
  year={2022}
}
@inproceedings{gru,
  title={Recurrent neural networks with top-k gains for session-based recommendations},
  author={Hidasi, Bal{\'a}zs and Karatzoglou, Alexandros},
  booktitle={Proceedings of the 27th ACM international conference on information and knowledge management},
  pages={843--852},
  year={2018}
}
@article{gru_ori,
  title={Session-based recommendations with recurrent neural networks},
  author={Hidasi, Bal{\'a}zs and Karatzoglou, Alexandros and Baltrunas, Linas and Tikk, Domonkos},
  journal={arXiv preprint arXiv:1511.06939},
  year={2015}
}
@inproceedings{session_based,
  title={Personalizing session-based recommendations with hierarchical recurrent neural networks},
  author={Quadrana, Massimo and Karatzoglou, Alexandros and Hidasi, Bal{\'a}zs and Cremonesi, Paolo},
  booktitle={proceedings of the Eleventh ACM Conference on Recommender Systems},
  pages={130--137},
  year={2017}
}

@article{ncf1,
  title={A survey of collaborative filtering techniques},
  author={Su, Xiaoyuan and Khoshgoftaar, Taghi M},
  journal={Advances in artificial intelligence},
  volume={2009},
  number={1},
  pages={421425},
  year={2009},
  publisher={Wiley Online Library}
}
@article{ncf2,
  title={Matrix factorization techniques for recommender systems},
  author={Koren, Yehuda and Bell, Robert and Volinsky, Chris},
  journal={Computer},
  volume={42},
  number={8},
  pages={30--37},
  year={2009},
  publisher={IEEE}
}
@inproceedings{ncf3,
  title={A hybrid collaborative filtering model using customer search keyword data for product recommendation},
  author={Won, Ha-Ram and Lee, Yunju and Shim, Jae-Seung and Ahn, Hyunchul},
  booktitle={2019 18th IEEE International Conference On Machine Learning And Applications (ICMLA)},
  pages={1523--1526},
  year={2019},
  organization={IEEE}
}
@article{ncf4,
  title={Collaborative filtering recommender systems taxonomy},
  author={Papadakis, Harris and Papagrigoriou, Antonis and Panagiotakis, Costas and Kosmas, Eleftherios and Fragopoulou, Paraskevi},
  journal={Knowledge and Information Systems},
  volume={64},
  number={1},
  pages={35--74},
  year={2022},
  publisher={Springer}
}
@incollection{cbf,
  title={Content-based recommendation systems},
  author={Pazzani, Michael J and Billsus, Daniel},
  booktitle={The adaptive web: methods and strategies of web personalization},
  pages={325--341},
  year={2007},
  publisher={Springer}
}
@article{rlt_hin,
  title={Pathsim: Meta path-based top-k similarity search in heterogeneous information networks},
  author={Sun, Yizhou and Han, Jiawei and Yan, Xifeng and Yu, Philip S and Wu, Tianyi},
  journal={Proceedings of the VLDB Endowment},
  volume={4},
  number={11},
  pages={992--1003},
  year={2011},
  publisher={VLDB Endowment}
}
@article{rlt_hin2,
  title={A survey of heterogeneous information network analysis},
  author={Shi, Chuan and Li, Yitong and Zhang, Jiawei and Sun, Yizhou and Philip, S Yu},
  journal={IEEE Transactions on Knowledge and Data Engineering},
  volume={29},
  number={1},
  pages={17--37},
  year={2016},
  publisher={IEEE}
}
@inproceedings{rlt_hin3,
  title={Recommendation in heterogeneous information networks with implicit user feedback},
  author={Yu, Xiao and Ren, Xiang and Sun, Yizhou and Sturt, Bradley and Khandelwal, Urvashi and Gu, Quanquan and Norick, Brandon and Han, Jiawei},
  booktitle={Proceedings of the 7th ACM conference on Recommender systems},
  pages={347--350},
  year={2013}
}

@inproceedings{rlt_hin5,
  title={Hin2vec: Explore meta-paths in heterogeneous information networks for representation learning},
  author={Fu, Tao-yang and Lee, Wang-Chien and Lei, Zhen},
  booktitle={Proceedings of the 2017 ACM on Conference on Information and Knowledge Management},
  pages={1797--1806},
  year={2017}
}









@article{rebello2024survey,
  title={A survey on blockchain scalability: From hardware to layer-two protocols},
  author={Rebello, Gabriel Antonio F and Camilo, Gustavo F and de Souza, Lucas Airam C and Potop-Butucaru, Maria and de Amorim, Marcelo Dias and Campista, Miguel Elias M and Costa, Lu{\'\i}s Henrique MK},
  journal={IEEE Communications Surveys \& Tutorials},
  year={2024},
  publisher={IEEE}
}
@article{thibault2022blockchain,
  title={Blockchain scaling using rollups: A comprehensive survey},
  author={Thibault, Louis Tremblay and Sarry, Tom and Hafid, Abdelhakim Senhaji},
  journal={IEEE Access},
  volume={10},
  pages={93039--93054},
  year={2022},
  publisher={IEEE}
}
@inproceedings{song2024advancing,
  title={Advancing blockchain scalability: An introduction to layer 1 and layer 2 solutions},
  author={Song, Han and Qu, Zhongche and Wei, Yihao},
  booktitle={2024 IEEE 2nd International Conference on Sensors, Electronics and Computer Engineering (ICSECE)},
  pages={71--76},
  year={2024},
  organization={IEEE}
}
@inproceedings{chen2023hyperplonk,
  title={Hyperplonk: Plonk with linear-time prover and high-degree custom gates},
  author={Chen, Binyi and B{\"u}nz, Benedikt and Boneh, Dan and Zhang, Zhenfei},
  booktitle={Annual International Conference on the Theory and Applications of Cryptographic Techniques},
  pages={499--530},
  year={2023},
  organization={Springer}
}
@article{liu2025genes,
  title={GENES: An Efficient Recursive zk-SNARK and Its Novel Application in Blockchain},
  author={Liu, Jiaxi and Guo, Li and Kang, Tianyu},
  journal={Electronics},
  volume={14},
  number={3},
  pages={492},
  year={2025},
  publisher={MDPI}
}
@inproceedings{lipmaa2024polymath,
  title={Polymath: Groth16 is not the limit},
  author={Lipmaa, Helger},
  booktitle={Annual International Cryptology Conference},
  pages={170--206},
  year={2024},
  organization={Springer}
}
@article{chen2024ac4,
  title={AC4: Algebraic Computation Checker for Circuit Constraints in ZKPs},
  author={Chen, Hao and Li, Guoqiang and Chen, Minyu and Liu, Ruibang and Gao, Sinka},
  journal={arXiv preprint arXiv:2403.15676},
  year={2024}
}
@article{tang2024zero,
  title={Zero-knowledge proof vulnerability analysis and security auditing},
  author={Tang, Xueyan and Shi, Lingzhi and Wang, Xun and Charbonnet, Kyle and Tang, Shixiang and Sun, Shixiao},
  journal={Cryptology ePrint Archive},
  year={2024}
}
@article{pailoor2023automated,
  title={Automated detection of under-constrained circuits in zero-knowledge proofs},
  author={Pailoor, Shankara and Chen, Yanju and Wang, Franklyn and Rodr{\'\i}guez, Clara and Van Geffen, Jacob and Morton, Jason and Chu, Michael and Gu, Brian and Feng, Yu and Dillig, I{\c{s}}{\i}l},
  journal={Proceedings of the ACM on Programming Languages},
  volume={7},
  number={PLDI},
  pages={1510--1532},
  year={2023},
  publisher={ACM New York, NY, USA}
}
@misc{circomspect2022,
  author = {Fredrik Dahlgren},
  title = {It pays to be Circomspect},
  year = {2022},
  url = {https://blog.trailofbits.com/2022/09/15/it-pays-to-be-circomspect/},
  note = {Accessed: 2025-06-02}
}
@misc{erc20,
  author = {Ethereum Foundation},
  title = {ERC-20 Token Standard},
  year = {2024},
  url = {https://ethereum.org/vi/developers/docs/standards/tokens/erc-20/},
  note = {Accessed: 2025-06-02}
}
@inproceedings{liu2024certifying,
  title={Certifying zero-knowledge circuits with refinement types},
  author={Liu, Junrui and Kretz, Ian and Liu, Hanzhi and Tan, Bryan and Wang, Jonathan and Sun, Yi and Pearson, Luke and Miltner, Anders and Dillig, I{\c{s}}{\i}l and Feng, Yu},
  booktitle={2024 IEEE Symposium on Security and Privacy (SP)},
  pages={1741--1759},
  year={2024},
  organization={IEEE}
}
@inproceedings{albert2022distilling,
  title={Distilling constraints in zero-knowledge protocols},
  author={Albert, Elvira and Bell{\'e}s-Mu{\~n}oz, Marta and Isabel, Miguel and Rodr{\'\i}guez-N{\'u}{\~n}ez, Clara and Rubio, Albert},
  booktitle={International Conference on Computer Aided Verification},
  pages={430--443},
  year={2022},
  organization={Springer}
}
@inproceedings{gong2022analysis,
  title={Analysis and comparison of the main zero-knowledge proof scheme},
  author={Gong, Yinjie and Jin, Yifei and Li, Yuchan and Liu, Ziyi and Zhu, Zhiyi},
  booktitle={2022 International Conference on Big Data, Information and Computer Network (BDICN)},
  pages={366--372},
  year={2022},
  organization={IEEE}
}
@inproceedings{groth2016size,
  title={On the size of pairing-based non-interactive arguments},
  author={Groth, Jens},
  booktitle={Advances in Cryptology--EUROCRYPT 2016: 35th Annual International Conference on the Theory and Applications of Cryptographic Techniques, Vienna, Austria, May 8-12, 2016, Proceedings, Part II 35},
  pages={305--326},
  year={2016},
  organization={Springer}
}
@article{belles2022circom,
  title={Circom: A circuit description language for building zero-knowledge applications},
  author={Bell{\'e}s-Mu{\~n}oz, Marta and Isabel, Miguel and Mu{\~n}oz-Tapia, Jose Luis and Rubio, Albert and Baylina, Jordi},
  journal={IEEE Transactions on Dependable and Secure Computing},
  volume={20},
  number={6},
  pages={4733--4751},
  year={2022},
  publisher={IEEE}
}
@article{partala2020non,
  title={Non-interactive zero-knowledge for blockchain: A survey},
  author={Partala, Juha and Nguyen, Tri Hong and Pirttikangas, Susanna},
  journal={IEEE Access},
  volume={8},
  pages={227945--227961},
  year={2020},
  publisher={IEEE}
}
@article{zhu2025extending,
  title={Extending Groth16 for Disjunctive Statements},
  author={Zhu, Xudong and Zhang, Xinxuan and Song, Xuyang and Deng, Yi and Wei, Yuanju and Yang, Liuyu},
  journal={Cryptology ePrint Archive},
  year={2025}
}
%This paper references "From extractable collision resistance to succinct non-interactive arguments of knowledge, and back again" as original work of SNARK.
@article{ballesteros2024enhancing,
  title={Enhancing Privacy and Integrity in Computing Services Provisioning Using Blockchain and Zk-SNARKs},
  author={Ballesteros-Rodr{\'\i}guez, Alberto and S{\'a}nchez-Alonso, Salvador and Sicilia-Urb{\'a}n, Miguel-{\'A}ngel},
  journal={IEEE Access},
  year={2024},
  publisher={IEEE}
}
@inproceedings{bitansky2012extractable,
  title={From extractable collision resistance to succinct non-interactive arguments of knowledge, and back again},
  author={Bitansky, Nir and Canetti, Ran and Chiesa, Alessandro and Tromer, Eran},
  booktitle={Proceedings of the 3rd innovations in theoretical computer science conference},
  pages={326--349},
  year={2012}
}
@article{munoz2023circom,
  title={CIRCOM: A Robust and Scalable Language for Building Complex Zero-Knowledge Circuits},
  author={Munoz-Tapia, Jose L and Belles, Marta and Isabel, Miguel and Rubio, Albert and Baylina, Jordi},
  journal={Authorea Preprints},
  year={2023},
  publisher={Authorea}
}
@article{saif2024survey,
  title={A Survey on Data Availability in Layer 2 Blockchain Rollups: Open Challenges and Future Improvements},
  author={Saif, Muhammad Bin and Migliorini, Sara and Spoto, Fausto},
  journal={Future Internet},
  volume={16},
  number={9},
  pages={315},
  year={2024},
  publisher={MDPI}
}
@article{zhou2024leveraging,
  title={Leveraging zero knowledge proofs for blockchain-based identity sharing: A survey of advancements, challenges and opportunities},
  author={Zhou, Lu and Diro, Abebe and Saini, Akanksha and Kaisar, Shahriar and Hiep, Pham Cong},
  journal={Journal of Information Security and Applications},
  volume={80},
  pages={103678},
  year={2024},
  publisher={Elsevier}
}
@inproceedings{chaliasos2024sok,
  title={$\{$SoK$\}$: What Don't We Know? Understanding Security Vulnerabilities in $\{$SNARKs$\}$},
  author={Chaliasos, Stefanos and Ernstberger, Jens and Theodore, David and Wong, David and Jahanara, Mohammad and Livshits, Benjamin},
  booktitle={33rd USENIX Security Symposium (USENIX Security 24)},
  pages={3855--3872},
  year={2024}
}
@inproceedings{ernstberger2024zk,
  title={zk-bench: A toolset for comparative evaluation and performance benchmarking of snarks},
  author={Ernstberger, Jens and Chaliasos, Stefanos and Kadianakis, George and Steinhorst, Sebastian and Jovanovic, Philipp and Gervais, Arthur and Livshits, Benjamin and Orr{\`u}, Michele},
  booktitle={International Conference on Security and Cryptography for Networks},
  pages={46--72},
  year={2024},
  organization={Springer}
}
@inproceedings{eberhardt2018zokrates,
  title={Zokrates-scalable privacy-preserving off-chain computations},
  author={Eberhardt, Jacob and Tai, Stefan},
  booktitle={2018 IEEE International Conference on Internet of Things (iThings) and IEEE Green Computing and Communications (GreenCom) and IEEE Cyber, Physical and Social Computing (CPSCom) and IEEE Smart Data (SmartData)},
  pages={1084--1091},
  year={2018},
  organization={IEEE}
}
@article{ben2018scalable,
  title={Scalable, transparent, and post-quantum secure computational integrity},
  author={Ben-Sasson, Eli and Bentov, Iddo and Horesh, Yinon and Riabzev, Michael},
  journal={Cryptology ePrint Archive},
  year={2018}
}

@inproceedings{bunz2018bulletproofs,
  title={Bulletproofs: Short proofs for confidential transactions and more},
  author={B{\"u}nz, Benedikt and Bootle, Jonathan and Boneh, Dan and Poelstra, Andrew and Wuille, Pieter and Maxwell, Greg},
  booktitle={2018 IEEE symposium on security and privacy (SP)},
  pages={315--334},
  year={2018},
  organization={IEEE}
}

@article{gabizon2019plonk,
  title={Plonk: Permutations over lagrange-bases for oecumenical noninteractive arguments of knowledge},
  author={Gabizon, Ariel and Williamson, Zachary J and Ciobotaru, Oana},
  journal={Cryptology ePrint Archive},
  year={2019}
}
@article{diaz2023extending,
  title={Extending the circom compiler},
  author={D{\'\i}az Rodr{\'\i}guez, Juan Carlos},
  year={2023}
}
@article{khovratovich2019tornado,
  title={Tornado Privacy Solution. Cryptographic Review. Version 1.1},
  author={Khovratovich, Dmitry and Vladimirov, Mikhail},
  journal={ABDK Consulting, November},
  volume={29},
  year={2019}
}

@inproceedings{shi2023data,
  title={Data-flow-based normalization generation algorithm of R1CS for zero-knowledge proof},
  author={Shi, Chenhao and Chen, Hao and Liu, Ruibang and Li, Guoqiang},
  booktitle={2023 IEEE 28th Pacific Rim International Symposium on Dependable Computing (PRDC)},
  pages={191--197},
  year={2023},
  organization={IEEE}
}
@misc{etherscan_pending,
  author       = {Etherscan},
  title        = {Pending Transactions Chart},
  howpublished = {\url{https://etherscan.io/chart/pendingtx}},
  note         = {Accessed: Jun. 5, 2025}
}

@misc{etherscan_token,
  author       = {Etherscan},
  title        = {Token Transactions List},
  howpublished = {\url{https://etherscan.io/tokentxns}},
  note         = {Accessed: Jun. 5, 2025}
}

@inproceedings{chaliasos2024analyzing,
  title={Analyzing and benchmarking ZK-rollups},
  author={Chaliasos, Stefanos and Reif, Itamar and Torralba-Agell, Adri{\`a} and Ernstberger, Jens and Kattis, Assimakis and Livshits, Benjamin},
  booktitle={6th Conference on Advances in Financial Technologies (AFT 2024)},
  pages={6--1},
  year={2024},
  organization={Schloss Dagstuhl--Leibniz-Zentrum f{\"u}r Informatik}
}
@inproceedings{ben2013snarks,
  title={SNARKs for C: Verifying program executions succinctly and in zero knowledge},
  author={Ben-Sasson, Eli and Chiesa, Alessandro and Genkin, Daniel and Tromer, Eran and Virza, Madars},
  booktitle={Annual cryptology conference},
  pages={90--108},
  year={2013},
  organization={Springer}
}
@article{liang2025sok,
  title={SoK: Understanding zk-SNARKs: The Gap Between Research and Practice},
  author={Liang, Junkai and Hu, Daqi and Wu, Pengfei and Yang, Yunbo and Shen, Qingni and Wu, Zhonghai},
  journal={arXiv preprint arXiv:2502.02387},
  year={2025}
}
@article{el2024evaluating,
  title={Evaluating the efficiency of zk-snark, zk-stark, and bulletproof in real-world scenarios: A benchmark study},
  author={El-Hajj, Mohammed and Oude Roelink, Bjorn},
  journal={Information (Switzerland)},
  volume={15},
  number={8},
  pages={463},
  year={2024},
  publisher={MDPI}
}