@inproceedings{han2022openhgnn,
  title={Openhgnn: an open source toolkit for heterogeneous graph neural network},
  author={Han, Hui and Zhao, Tianyu and Yang, Cheng and Zhang, Hongyi and Liu, Yaoqi and Wang, Xiao and Shi, Chuan},
  booktitle={Proceedings of the 31st ACM International Conference on Information \& Knowledge Management},
  pages={3993--3997},
  year={2022}
}



@article{rebello2024survey,
  title={A survey on blockchain scalability: From hardware to layer-two protocols},
  author={Rebello, Gabriel Antonio F and Camilo, Gustavo F and de Souza, Lucas Airam C and Potop-Butucaru, Maria and de Amorim, Marcelo Dias and Campista, Miguel Elias M and Costa, Lu{\'\i}s Henrique MK},
  journal={IEEE Communications Surveys \& Tutorials},
  year={2024},
  publisher={IEEE}
}
@article{thibault2022blockchain,
  title={Blockchain scaling using rollups: A comprehensive survey},
  author={Thibault, Louis Tremblay and Sarry, Tom and Hafid, Abdelhakim Senhaji},
  journal={IEEE Access},
  volume={10},
  pages={93039--93054},
  year={2022},
  publisher={IEEE}
}
@inproceedings{song2024advancing,
  title={Advancing blockchain scalability: An introduction to layer 1 and layer 2 solutions},
  author={Song, Han and Qu, Zhongche and Wei, Yihao},
  booktitle={2024 IEEE 2nd International Conference on Sensors, Electronics and Computer Engineering (ICSECE)},
  pages={71--76},
  year={2024},
  organization={IEEE}
}
@inproceedings{chen2023hyperplonk,
  title={Hyperplonk: Plonk with linear-time prover and high-degree custom gates},
  author={Chen, Binyi and B{\"u}nz, Benedikt and Boneh, Dan and Zhang, Zhenfei},
  booktitle={Annual International Conference on the Theory and Applications of Cryptographic Techniques},
  pages={499--530},
  year={2023},
  organization={Springer}
}
@article{liu2025genes,
  title={GENES: An Efficient Recursive zk-SNARK and Its Novel Application in Blockchain},
  author={Liu, Jiaxi and Guo, Li and Kang, Tianyu},
  journal={Electronics},
  volume={14},
  number={3},
  pages={492},
  year={2025},
  publisher={MDPI}
}
@inproceedings{lipmaa2024polymath,
  title={Polymath: Groth16 is not the limit},
  author={Lipmaa, Helger},
  booktitle={Annual International Cryptology Conference},
  pages={170--206},
  year={2024},
  organization={Springer}
}
@article{chen2024ac4,
  title={AC4: Algebraic Computation Checker for Circuit Constraints in ZKPs},
  author={Chen, Hao and Li, Guoqiang and Chen, Minyu and Liu, Ruibang and Gao, Sinka},
  journal={arXiv preprint arXiv:2403.15676},
  year={2024}
}
@article{tang2024zero,
  title={Zero-knowledge proof vulnerability analysis and security auditing},
  author={Tang, Xueyan and Shi, Lingzhi and Wang, Xun and Charbonnet, Kyle and Tang, Shixiang and Sun, Shixiao},
  journal={Cryptology ePrint Archive},
  year={2024}
}
@article{pailoor2023automated,
  title={Automated detection of under-constrained circuits in zero-knowledge proofs},
  author={Pailoor, Shankara and Chen, Yanju and Wang, Franklyn and Rodr{\'\i}guez, Clara and Van Geffen, Jacob and Morton, Jason and Chu, Michael and Gu, Brian and Feng, Yu and Dillig, I{\c{s}}{\i}l},
  journal={Proceedings of the ACM on Programming Languages},
  volume={7},
  number={PLDI},
  pages={1510--1532},
  year={2023},
  publisher={ACM New York, NY, USA}
}
@misc{circomspect2022,
  author = {Fredrik Dahlgren},
  title = {It pays to be Circomspect},
  year = {2022},
  url = {https://blog.trailofbits.com/2022/09/15/it-pays-to-be-circomspect/},
  note = {Accessed: 2025-06-02}
}
@misc{erc20,
  author = {Ethereum Foundation},
  title = {ERC-20 Token Standard},
  year = {2024},
  url = {https://ethereum.org/vi/developers/docs/standards/tokens/erc-20/},
  note = {Accessed: 2025-06-02}
}
@inproceedings{liu2024certifying,
  title={Certifying zero-knowledge circuits with refinement types},
  author={Liu, Junrui and Kretz, Ian and Liu, Hanzhi and Tan, Bryan and Wang, Jonathan and Sun, Yi and Pearson, Luke and Miltner, Anders and Dillig, I{\c{s}}{\i}l and Feng, Yu},
  booktitle={2024 IEEE Symposium on Security and Privacy (SP)},
  pages={1741--1759},
  year={2024},
  organization={IEEE}
}
@inproceedings{albert2022distilling,
  title={Distilling constraints in zero-knowledge protocols},
  author={Albert, Elvira and Bell{\'e}s-Mu{\~n}oz, Marta and Isabel, Miguel and Rodr{\'\i}guez-N{\'u}{\~n}ez, Clara and Rubio, Albert},
  booktitle={International Conference on Computer Aided Verification},
  pages={430--443},
  year={2022},
  organization={Springer}
}
@inproceedings{gong2022analysis,
  title={Analysis and comparison of the main zero-knowledge proof scheme},
  author={Gong, Yinjie and Jin, Yifei and Li, Yuchan and Liu, Ziyi and Zhu, Zhiyi},
  booktitle={2022 International Conference on Big Data, Information and Computer Network (BDICN)},
  pages={366--372},
  year={2022},
  organization={IEEE}
}
@inproceedings{groth2016size,
  title={On the size of pairing-based non-interactive arguments},
  author={Groth, Jens},
  booktitle={Advances in Cryptology--EUROCRYPT 2016: 35th Annual International Conference on the Theory and Applications of Cryptographic Techniques, Vienna, Austria, May 8-12, 2016, Proceedings, Part II 35},
  pages={305--326},
  year={2016},
  organization={Springer}
}
@article{belles2022circom,
  title={Circom: A circuit description language for building zero-knowledge applications},
  author={Bell{\'e}s-Mu{\~n}oz, Marta and Isabel, Miguel and Mu{\~n}oz-Tapia, Jose Luis and Rubio, Albert and Baylina, Jordi},
  journal={IEEE Transactions on Dependable and Secure Computing},
  volume={20},
  number={6},
  pages={4733--4751},
  year={2022},
  publisher={IEEE}
}
@article{partala2020non,
  title={Non-interactive zero-knowledge for blockchain: A survey},
  author={Partala, Juha and Nguyen, Tri Hong and Pirttikangas, Susanna},
  journal={IEEE Access},
  volume={8},
  pages={227945--227961},
  year={2020},
  publisher={IEEE}
}
@article{zhu2025extending,
  title={Extending Groth16 for Disjunctive Statements},
  author={Zhu, Xudong and Zhang, Xinxuan and Song, Xuyang and Deng, Yi and Wei, Yuanju and Yang, Liuyu},
  journal={Cryptology ePrint Archive},
  year={2025}
}
%This paper references "From extractable collision resistance to succinct non-interactive arguments of knowledge, and back again" as original work of SNARK.
@article{ballesteros2024enhancing,
  title={Enhancing Privacy and Integrity in Computing Services Provisioning Using Blockchain and Zk-SNARKs},
  author={Ballesteros-Rodr{\'\i}guez, Alberto and S{\'a}nchez-Alonso, Salvador and Sicilia-Urb{\'a}n, Miguel-{\'A}ngel},
  journal={IEEE Access},
  year={2024},
  publisher={IEEE}
}
@inproceedings{bitansky2012extractable,
  title={From extractable collision resistance to succinct non-interactive arguments of knowledge, and back again},
  author={Bitansky, Nir and Canetti, Ran and Chiesa, Alessandro and Tromer, Eran},
  booktitle={Proceedings of the 3rd innovations in theoretical computer science conference},
  pages={326--349},
  year={2012}
}
@article{munoz2023circom,
  title={CIRCOM: A Robust and Scalable Language for Building Complex Zero-Knowledge Circuits},
  author={Munoz-Tapia, Jose L and Belles, Marta and Isabel, Miguel and Rubio, Albert and Baylina, Jordi},
  journal={Authorea Preprints},
  year={2023},
  publisher={Authorea}
}
@article{saif2024survey,
  title={A Survey on Data Availability in Layer 2 Blockchain Rollups: Open Challenges and Future Improvements},
  author={Saif, Muhammad Bin and Migliorini, Sara and Spoto, Fausto},
  journal={Future Internet},
  volume={16},
  number={9},
  pages={315},
  year={2024},
  publisher={MDPI}
}
@article{zhou2024leveraging,
  title={Leveraging zero knowledge proofs for blockchain-based identity sharing: A survey of advancements, challenges and opportunities},
  author={Zhou, Lu and Diro, Abebe and Saini, Akanksha and Kaisar, Shahriar and Hiep, Pham Cong},
  journal={Journal of Information Security and Applications},
  volume={80},
  pages={103678},
  year={2024},
  publisher={Elsevier}
}
@inproceedings{chaliasos2024sok,
  title={$\{$SoK$\}$: What Don't We Know? Understanding Security Vulnerabilities in $\{$SNARKs$\}$},
  author={Chaliasos, Stefanos and Ernstberger, Jens and Theodore, David and Wong, David and Jahanara, Mohammad and Livshits, Benjamin},
  booktitle={33rd USENIX Security Symposium (USENIX Security 24)},
  pages={3855--3872},
  year={2024}
}
@inproceedings{ernstberger2024zk,
  title={zk-bench: A toolset for comparative evaluation and performance benchmarking of snarks},
  author={Ernstberger, Jens and Chaliasos, Stefanos and Kadianakis, George and Steinhorst, Sebastian and Jovanovic, Philipp and Gervais, Arthur and Livshits, Benjamin and Orr{\`u}, Michele},
  booktitle={International Conference on Security and Cryptography for Networks},
  pages={46--72},
  year={2024},
  organization={Springer}
}
@inproceedings{eberhardt2018zokrates,
  title={Zokrates-scalable privacy-preserving off-chain computations},
  author={Eberhardt, Jacob and Tai, Stefan},
  booktitle={2018 IEEE International Conference on Internet of Things (iThings) and IEEE Green Computing and Communications (GreenCom) and IEEE Cyber, Physical and Social Computing (CPSCom) and IEEE Smart Data (SmartData)},
  pages={1084--1091},
  year={2018},
  organization={IEEE}
}
@article{ben2018scalable,
  title={Scalable, transparent, and post-quantum secure computational integrity},
  author={Ben-Sasson, Eli and Bentov, Iddo and Horesh, Yinon and Riabzev, Michael},
  journal={Cryptology ePrint Archive},
  year={2018}
}

@inproceedings{bunz2018bulletproofs,
  title={Bulletproofs: Short proofs for confidential transactions and more},
  author={B{\"u}nz, Benedikt and Bootle, Jonathan and Boneh, Dan and Poelstra, Andrew and Wuille, Pieter and Maxwell, Greg},
  booktitle={2018 IEEE symposium on security and privacy (SP)},
  pages={315--334},
  year={2018},
  organization={IEEE}
}

@article{gabizon2019plonk,
  title={Plonk: Permutations over lagrange-bases for oecumenical noninteractive arguments of knowledge},
  author={Gabizon, Ariel and Williamson, Zachary J and Ciobotaru, Oana},
  journal={Cryptology ePrint Archive},
  year={2019}
}
@article{diaz2023extending,
  title={Extending the circom compiler},
  author={D{\'\i}az Rodr{\'\i}guez, Juan Carlos},
journal={Docta Complutense, Complutense University of Madrid},
  year={2023}
}
@article{khovratovich2019tornado,
  title={Tornado Privacy Solution. Cryptographic Review. Version 1.1},
  author={Khovratovich, Dmitry and Vladimirov, Mikhail},
  journal={ABDK Consulting, November},
  volume={29},
  year={2019}
}

@inproceedings{shi2023data,
  title={Data-flow-based normalization generation algorithm of R1CS for zero-knowledge proof},
  author={Shi, Chenhao and Chen, Hao and Liu, Ruibang and Li, Guoqiang},
  booktitle={2023 IEEE 28th Pacific Rim International Symposium on Dependable Computing (PRDC)},
  pages={191--197},
  year={2023},
  organization={IEEE}
}
@misc{etherscan_pending,
  author       = {Etherscan},
  title        = {Pending Transactions Chart},
  howpublished = {\url{https://etherscan.io/chart/pendingtx}},
  note         = {Accessed: Jun. 5, 2025}
}

@misc{etherscan_token,
  author       = {Etherscan},
  title        = {Token Transactions List},
  howpublished = {\url{https://etherscan.io/tokentxns}},
  note         = {Accessed: Jun. 5, 2025}
}

@inproceedings{chaliasos2024analyzing,
  title={Analyzing and benchmarking ZK-rollups},
  author={Chaliasos, Stefanos and Reif, Itamar and Torralba-Agell, Adri{\`a} and Ernstberger, Jens and Kattis, Assimakis and Livshits, Benjamin},
  booktitle={6th Conference on Advances in Financial Technologies (AFT 2024)},
  pages={6--1},
  year={2024},
  organization={Schloss Dagstuhl--Leibniz-Zentrum f{\"u}r Informatik}
}
@inproceedings{ben2013snarks,
  title={SNARKs for C: Verifying program executions succinctly and in zero knowledge},
  author={Ben-Sasson, Eli and Chiesa, Alessandro and Genkin, Daniel and Tromer, Eran and Virza, Madars},
  booktitle={Annual cryptology conference},
  pages={90--108},
  year={2013},
  organization={Springer}
}
@article{liang2025sok,
  title={SoK: Understanding zk-SNARKs: The Gap Between Research and Practice},
  author={Liang, Junkai and Hu, Daqi and Wu, Pengfei and Yang, Yunbo and Shen, Qingni and Wu, Zhonghai},
  journal={arXiv preprint arXiv:2502.02387},
  year={2025}
}
@article{el2024evaluating,
  title={Evaluating the efficiency of zk-snark, zk-stark, and bulletproof in real-world scenarios: A benchmark study},
  author={El-Hajj, Mohammed and Oude Roelink, Bjorn},
  journal={Information (Switzerland)},
  volume={15},
  number={8},
  pages={463},
  year={2024},
  publisher={MDPI}
}